@mastersthesis{wen2021-masterthesis,
  title={What Happens When the Bazaar Grows: A comprehensive study on the contemporary Linux kernel development model},
  author={Wen, Melissa Shihfan Ribeiro},
  year={2021},
  school={Universidade de São Paulo}
}

@book{silberschatz2008-operatingsystemconcepts,
  title={Operating System Concepts},
  author={Silberschatz, Abraham and Peterson, James L and Galvin, Peter B},
  year={2008},
  publisher={Addison-Wesley Longman Publishing Co., Inc.}
}

@article{crowston2012-floss,
    author = {Crowston, Kevin and Wei, Kangning and Howison, James and Wiggins, Andrea},
    title = {Free/Libre open-source software development: What we know and what we do not know},
    year = {2008},
    issue_date = {February 2012},
    publisher = {Association for Computing Machinery},
    address = {New York, NY, USA},
    volume = {44},
    number = {2},
    issn = {0360-0300},
    journal = {ACM Comput. Surv.},
    month = mar,
    articleno = {7},
    numpages = {35},
    keywords = {distributed work, development, computer-mediated communication, Free/Libre open-source software}
}

@online{corbet2021-subsystems,
    author = {Jonathan Corbet},
    title = {Finding real-world kernel subsystems},
    year = {2021},
    url = {https://lwn.net/Articles/844539/},
    urldate = {2025-03-20}
}

@online{corbet2017-patchflow,
    author = {Jonathan Corbet},
    title = {Patch flow into the mainline for 4.14},
    year = {2017},
    url = {https://lwn.net/Articles/737093/},
    urldate = {2025-03-20}
}

@online{corbet-gregkh2017-linuxreport,
    author = {Jonathan Corbet and Greg Kroah-Hartman},
    title = {Linux Kernel Development Report},
    year = {2017},
    url = {https://www.linuxfoundation.org/resources/publications/linux-kernel-report-2017?hsLang=en},
    urldate = {2025-03-20}
}

@online{corbet2014-4.4,
    author = {Jonathan Corbet},
    title = {How 4.4's patches got to the mainline},
    year = {2014},
    url = {https://lwn.net/Articles/670209/},
    urldate = {2025-03-20}
}

@online{edge2011-LPC,
    author = {Jake Edge},
    title = {LPC: Development model diversity},
    year = {2011},
    url = {https://lwn.net/Articles/458094/},
    urldate = {2025-03-20}
}

@online{linus2018-stepdown,
    author = {Linus Torvalds},
    title = {Linux 4.19-rc4 released, an apology, and a maintainership note},
    year = {2018},
    url = {https://lkml.org/lkml/2018/9/16/167},
    urldate = {2025-03-20}
}

@online{gregkh2016-patches-carved,
    author = {Greg Kroah-Hartman},
    title = {Kernel Recipes 2016 - Patches carved into stone tablets},
    year = {2016},
    url = {https://www.slideshare.net/slideshow/kernel-recipes-2016-patches-carved-into-stone-tablets/66797022},
    urldate = {2025-03-20}
}

@article{rigby2014-peer-review,
    author = {Rigby, Peter C. and German, Daniel M. and Cowen, Laura and Storey, Margaret-Anne},
    title = {Peer Review on Open-Source Software Projects: Parameters, Statistical Models, and Theory},
    year = {2014},
    issue_date = {August 2014},
    publisher = {Association for Computing Machinery},
    address = {New York, NY, USA},
    volume = {23},
    number = {4},
    month = sep,
    articleno = {35},
    numpages = {33},
    keywords = {Peer review, inspection, mining software repositories, open-source software}
}

@inproceedings{izquierdo2017-review,
    author = {Izquierdo-Cortazar, Daniel and Sekitoleko, Nelson and Gonzalez-Barahona, Jesus M. and Kurth, Lars},
    title = {Using Metrics to Track Code Review Performance},
    year = {2017},
    isbn = {9781450348041},
    publisher = {Association for Computing Machinery},
    address = {New York, NY, USA},

    booktitle = {Proceedings of the 21st International Conference on Evaluation and Assessment in Software Engineering},
    pages = {214–223},
    numpages = {10},
    keywords = {Software development analytics, Data mining, Code review},
    location = {Karlskrona, Sweden},
    series = {EASE '17}
}

@book{fogel2017-producing-oss,
  title={Producing open source software: How to run a successful free software project},
  author={Fogel, Karl},
  year={2017},
  publisher={"O'Reilly Media, Inc."}
}

@INPROCEEDINGS{lindberg2014-theorizing,
  author={Lindberg, A. and Xiao, Xuan and Lyytinen, Kalle},
  booktitle={2014 47th Hawaii International Conference on System Sciences}, 
  title={Theorizing Modes of Open Source Software Development}, 
  year={2014},
  volume={},
  number={},
  pages={4568-4577}
}

@article{shaikh2017-governing-oss,
    title = {Governing open source software through coordination processes},
    journal = {Information and Organization},
    volume = {27},
    number = {2},
    pages = {116-135},
    year = {2017}
}

@article{raymond1999-cathedral,
  title={The cathedral and the bazaar},
  author={Raymond, Eric},
  journal={Knowledge, Technology \& Policy},
  volume={12},
  number={3},
  pages={23--49},
  year={1999},
  publisher={Springer}
}

@article{palix2011-faults-linux,
author = {Palix, Nicolas and Saha, Suman and Thomas, Gaël and Calvès, Christophe and Lawall, Julia and Muller, Gilles},
year = {2011},
month = {03},
pages = {},
title = {Faults in Linux: Ten Years Later},
volume = {39},
journal = {ACM SIGARCH Computer Architecture News}
}

@book{glaser2017-grounded,
  title={Discovery of grounded theory: Strategies for qualitative research},
  author={Glaser, Barney and Strauss, Anselm},
  year={2017},
  publisher={Routledge}
}

@mastersthesis{leite2022-master,
title   = {A grounded theory of organizational structures for development and infrastructure professionals in software-producing organizations},
author = {Leite, Leonardo Alexandre Ferreira and Meirelles, Paulo Roberto Miranda and Kon, Fábio},
year = {2022},
school = {Universidade de São Paulo}
}

@book{edmonds2017-research-design,
author = {Edmonds, W. and Kennedy, Thomas},
year = {2017},
month = {01},
pages = {},
title = {An Applied Guide to Research Designs: Quantitative, Qualitative, and Mixed Methods},
isbn = {9781483317274},
}

@article{vahid2018-mlr,
author = {Gəruslu, Vəhid and Felderer, Michael and Mäntylä, Mika},
year = {2018},
month = {09},
pages = {},
title = {Guidelines for including grey literature and conducting multivocal literature reviews in software engineering},
volume = {106},
journal = {Information and Software Technology},
}

@software{b4_swh,
  title       = {b4},
  author      = {Konstantin Ryabitsev},
  url         = {https://archive.softwareheritage.org/swh:1:dir:6146dd4655a3423b13a8ce77a1ceb9669251f133;origin=https://github.com/mricon/b4;visit=swh:1:snp:8d816b83932d9e48c286481c898e3d3e05e6429d;anchor=swh:1:rev:6f78e874e96b0b3bac1767a1743b20af20cb0e2f},
  note        = {Archived in Software Heritage with SWHID: swh:1:dir:6146dd4655a3423b13a8ce77a1ceb9669251f133},
  year        = {2025},
}

@software{git,
  title        = {git},
  author       = {Torvalds, Linus and Hamano, Junio C.},
  year         = {2025},
  url          = {https://archive.softwareheritage.org/swh:1:dir:630e361bc0ae5b9def1e1f303ccadb80a4ab5f76;origin=https://git.kernel.org/pub/scm/git/git.git;visit=swh:1:snp:69ed932516cf4fa91546d7274f1c69ab68d8b53d;anchor=swh:1:rev:6c0bd1fc70efaf053abe4e57c976afdc72d15377},
  note         = {Archived in Software Heritage: swh:1:dir:630e361bc0ae5b9def1e1f303ccadb80a4ab5f76},
}

@software{virtme-ng,
  title        = {virtme-ng},
  author       = {Andrea Arighi},
  year         = {2025},
  url          = {https://archive.softwareheritage.org/swh:1:dir:d489c05da2b1b87a75d61bdff88a7309b7e351f6;origin=https://github.com/arighi/virtme-ng;visit=swh:1:snp:f1ea6cb726992578ca5fe9c819f0fd09016123ed;anchor=swh:1:rev:842007e7f3af88d50ed51341dfb42ceea0c3b517},
  note         = {Archived in Software Heritage: swh:1:dir:d489c05da2b1b87a75d61bdff88a7309b7e351f6},
}

@software{checkpatch,
  title        = {checkpatch.pl},
  author       = {Jones, Dave and Schopp, Joel and Whitcroft, Andy and Perches, Joe},
  year         = {2025},
  url          = {https://archive.softwareheritage.org/swh:1:cnt:3d22bf863eec9edf0c2fe7ad7a8986d7e8ad892a;origin=https://git.kernel.org/pub/scm/linux/kernel/git/torvalds/linux.git;visit=swh:1:snp:1f0c2964234351f43ccac6b787c4da7f0aa8103c;anchor=swh:1:rev:4d0be1aa26b7dba4960c37d9f8d695eb513bb04d;path=/scripts/checkpatch.pl},
  note         = {Archived in Software Heritage: swh:1:cnt:3d22bf863eec9edf0c2fe7ad7a8986d7e8ad892a},
}

@software{get-maintainer,
  title        = {get\_maintainer.pl},
  author       = {Joe Perches},
  year         = {2025},
  url          = {https://archive.softwareheritage.org/swh:1:cnt:4414194bedcfd747bd24199b5de9ccf04bf6d227;origin=https://git.kernel.org/pub/scm/linux/kernel/git/torvalds/linux.git;visit=swh:1:snp:1f0c2964234351f43ccac6b787c4da7f0aa8103c;anchor=swh:1:rev:4d0be1aa26b7dba4960c37d9f8d695eb513bb04d;path=/scripts/get_maintainer.pl},
  note         = {Archived in Software Heritage: swh:1:cnt:4414194bedcfd747bd24199b5de9ccf04bf6d227},
}

@software{drm-maintainer-tools,
  title        = {DRM Maintainer Tools},
  author       = {{DRM Maintainers}},
  year         = {2025},
  url          = {https://archive.softwareheritage.org/swh:1:dir:358b189f89b01e7d193a0630027cd59e528258b1;origin=https://gitlab.freedesktop.org/drm/maintainer-tools.git;visit=swh:1:snp:24a80c7455a6110e9df33787f97f53e436325843;anchor=swh:1:rev:202708c00696422fd217223bb679a353a5936e23},
  note         = {Archived in Software Heritage: swh:1:dir:358b189f89b01e7d193a0630027cd59e528258b1},
}

@software{llvm-project,
  title        = {LLVM Project},
  author       = {{LLVM Developer Group}},
  year         = {2025},
  url          = {https://archive.softwareheritage.org/swh:1:dir:b3b208939883e92f2778e6d55cf181b65891e277;origin=https://github.com/llvm/llvm-project;visit=swh:1:snp:351d2fcb5d3e55c13766a875ece479389cee4155;anchor=swh:1:rev:680b3b742da02972bc0b5298b6f472d2b95ca90a},
  note         = {Archived in Software Heritage: swh:1:dir:b3b208939883e92f2778e6d55cf181b65891e277},
}

@software{qemu-project,
  title        = {QEMU},
  author       = {Fabrice Bellard},
  year         = {2025},
  url          = {https://archive.softwareheritage.org/swh:1:dir:6a9686165e35116cc97e6501a7742646d2f9f479;origin=https://gitlab.com/qemu-project/qemu;visit=swh:1:snp:f6695b73ad77f3371d011b846173b23e53db7359;anchor=swh:1:rev:1dae461a913f9da88df05de6e2020d3134356f2e},
  note         = {Archived in Software Heritage: swh:1:dir:6a9686165e35116cc97e6501a7742646d2f9f479},
}

@software{kworkflow,
  title        = {Kworkflow},
  author       = {Siqueira, Rodrigo and Tavares, Matheus},
  year         = {2025},
  url          = {https://archive.softwareheritage.org/swh:1:dir:90dc41328e09271597eb1f4f47d8a4c2e972a5bb;origin=https://github.com/kworkflow/kworkflow;visit=swh:1:snp:4e47e956d8c04a55836d674aedf3c7be842b2641;anchor=swh:1:rev:e1ac9a1965c366e200f9ab242a89a6545adcc7cc},
  note         = {Archived in Software Heritage: swh:1:dir:90dc41328e09271597eb1f4f47d8a4c2e972a5bb},
}

@software{kworkflow-setup,
  title        = {Kworkflow setup.sh script},
  author       = {Siqueira, Rodrigo and Tavares, Matheus},
  year         = {2025},
  url          = {https://archive.softwareheritage.org/swh:1:cnt:b724ddb1e8c4fd7d45f2b0f212d7770c4a3715b9;origin=https://github.com/kworkflow/kworkflow;visit=swh:1:snp:4e47e956d8c04a55836d674aedf3c7be842b2641;anchor=swh:1:rev:e1ac9a1965c366e200f9ab242a89a6545adcc7cc;path=/setup.sh},
  note         = {Archived in Software Heritage: swh:1:cnt:b724ddb1e8c4fd7d45f2b0f212d7770c4a3715b9},
}

@software{kworkflow-entrypoint,
  title        = {Kworkflow entry point},
  author       = {Siqueira, Rodrigo and Tavares, Matheus},
  year         = {2025},
  url          = {https://archive.softwareheritage.org/swh:1:cnt:ea47bc419ea4eb2479f201cb4d27c2b6fec14282;origin=https://github.com/kworkflow/kworkflow;visit=swh:1:snp:4e47e956d8c04a55836d674aedf3c7be842b2641;anchor=swh:1:rev:e1ac9a1965c366e200f9ab242a89a6545adcc7cc;path=/kw},
  note         = {Archived in Software Heritage: swh:1:cnt:ea47bc419ea4eb2479f201cb4d27c2b6fec14282},
}

@software{kworkflow-features,
  title        = {Kworkflow features},
  author       = {Siqueira, Rodrigo and Tavares, Matheus},
  year         = {2025},
  url          = {https://archive.softwareheritage.org/swh:1:dir:d696593d47c764d8a32279581bbd52fe76061815;origin=https://github.com/kworkflow/kworkflow;visit=swh:1:snp:4e47e956d8c04a55836d674aedf3c7be842b2641;anchor=swh:1:rev:e1ac9a1965c366e200f9ab242a89a6545adcc7cc;path=/src/},
  note         = {Archived in Software Heritage: swh:1:dir:d696593d47c764d8a32279581bbd52fe76061815},
}

@software{kworkflow-libraries,
  title        = {Kworkflow libraries},
  author       = {Siqueira, Rodrigo and Tavares, Matheus},
  year         = {2025},
  url          = {https://archive.softwareheritage.org/swh:1:dir:6fa251dc395901dfead332adde7964cd7a18cb5d;origin=https://github.com/kworkflow/kworkflow;visit=swh:1:snp:4e47e956d8c04a55836d674aedf3c7be842b2641;anchor=swh:1:rev:e1ac9a1965c366e200f9ab242a89a6545adcc7cc;path=/src/lib/},
  note         = {Archived in Software Heritage: swh:1:dir:6fa251dc395901dfead332adde7964cd7a18cb5d},
}

@software{kworkflow-plugins,
  title        = {Kworkflow plugins},
  author       = {Siqueira, Rodrigo and Tavares, Matheus},
  year         = {2025},
  url          = {https://archive.softwareheritage.org/swh:1:dir:53e76813cec821f79856d1f822a96f5a19ce5a28;origin=https://github.com/kworkflow/kworkflow;visit=swh:1:snp:4e47e956d8c04a55836d674aedf3c7be842b2641;anchor=swh:1:rev:e1ac9a1965c366e200f9ab242a89a6545adcc7cc;path=/src/plugins/},
  note         = {Archived in Software Heritage: swh:1:dir:53e76813cec821f79856d1f822a96f5a19ce5a28},
}

@software{sqlite,
  title        = {SQLite3},
  author       = {Richard Hipp},
  year         = {2025},
  url          = {https://archive.softwareheritage.org/swh:1:dir:4621e6010913950ce033e02a1395432b68d1ad3b;origin=https://sqlite.org/2025/sqlite-src-3490100.zip;visit=swh:1:snp:274ee34463a96122e714cf7b77f0eb21dc8cdd97},
  note         = {Archived in Software Heritage: swh:1:dir:4621e6010913950ce033e02a1395432b68d1ad3b},
}

@article{yildiran2024maximizing,
  title={Maximizing Patch Coverage for Testing of Highly-Configurable Software without Exploding Build Times},
  author={{Yildiran, Necip Fazil and Oh, Jeho and Lawall, Julia and Gazzillo, Paul}},
  journal={Proceedings of the ACM on Software Engineering},
  volume={1},
  number={FSE},
  pages={427--449},
  year={2024},
  publisher={ACM New York, NY, USA}
}

@misc{debian-popcon,
  author       = {{Debian Project}},
  title        = {Debian Popularity Contest},
  howpublished = {\url{https://popcon.debian.org/}},
  note         = {Accessed: 2025-05-20},
  year         = {2025}
}

@misc{kw-demo-video,
  title = {{Kworkflow demo video}},
  url = {https://archive.softwareheritage.org/swh:1:cnt:3695bf04c525dc03d850baa96485d7bcdca7f9b3;origin=https://github.com/davidbtadokoro/sbes-tool-2025-kw-demo;visit=swh:1:snp:21a2e8110b4a8c659c6ba451723f836d9fbba8db;anchor=swh:1:rev:1cef3fedffb5a4848bfe8f337cf1acd1380a7793;path=/sbes-tool-2025-kw-demo.mp4},
  year = {2025},
  note = {YouTube link: \url{https://youtu.be/SX0cApjhiHM}}
}
