@mastersthesis{wen2021-masterthesis,
  title={What Happens When the Bazaar Grows: A comprehensive study on the contemporary Linux kernel development model},
  author={Wen, Melissa Shihfan Ribeiro},
  year={2021},
  school={Universidade de São Paulo}
}

@book{silberschatz2008-operatingsystemconcepts,
  title={Operating System Concepts},
  author={Silberschatz, Abraham and Peterson, James L and Galvin, Peter B},
  year={2008},
  publisher={Addison-Wesley Longman Publishing Co., Inc.}
}

@article{crowston2012-floss,
    author = {Crowston, Kevin and Wei, Kangning and Howison, James and Wiggins, Andrea},
    title = {Free/Libre open-source software development: What we know and what we do not know},
    year = {2008},
    issue_date = {February 2012},
    publisher = {Association for Computing Machinery},
    address = {New York, NY, USA},
    volume = {44},
    number = {2},
    issn = {0360-0300},
    journal = {ACM Comput. Surv.},
    month = mar,
    articleno = {7},
    numpages = {35},
    keywords = {distributed work, development, computer-mediated communication, Free/Libre open-source software}
}

@online{corbet2021-subsystems,
    author = {Jonathan Corbet},
    title = {Finding real-world kernel subsystems},
    year = {2021},
    url = {https://lwn.net/Articles/844539/},
    urldate = {2025-03-20}
}

@online{corbet2017-patchflow,
    author = {Jonathan Corbet},
    title = {Patch flow into the mainline for 4.14},
    year = {2017},
    url = {https://lwn.net/Articles/737093/},
    urldate = {2025-03-20}
}

@online{corbet-gregkh2017-linuxreport,
    author = {Jonathan Corbet and Greg Kroah-Hartman},
    title = {Linux Kernel Development Report},
    year = {2017},
    url = {https://www.linuxfoundation.org/resources/publications/linux-kernel-report-2017?hsLang=en},
    urldate = {2025-03-20}
}

@online{corbet2014-4.4,
    author = {Jonathan Corbet},
    title = {How 4.4's patches got to the mainline},
    year = {2014},
    url = {https://lwn.net/Articles/670209/},
    urldate = {2025-03-20}
}

@online{edge2011-LPC,
    author = {Jake Edge},
    title = {LPC: Development model diversity},
    year = {2011},
    url = {https://lwn.net/Articles/458094/},
    urldate = {2025-03-20}
}

@online{linus2018-stepdown,
    author = {Linus Torvalds},
    title = {Linux 4.19-rc4 released, an apology, and a maintainership note},
    year = {2018},
    url = {https://lkml.org/lkml/2018/9/16/167},
    urldate = {2025-03-20}
}

@online{example-image,
  author       = {Jane Doe},
  title        = {Illustration of a Tree},
  year         = {2023},
  url          = {https://example.com/image123},
  note         = {Licensed under CC BY-NC-SA 4.0},
  urldate      = {2025-05-21}
}

@online{gregkh2016-patches-carved,
    author = {Greg Kroah-Hartman},
    title = {{Kernel Recipes 2016 - Patches carved into stone tablets}},
    year = {2016},
    url = {https://github.com/gregkh/presentation-stone-tools/tree/master},
    note = {Licensed under CC BY-NC-SA 4.0. Image modified by adding the overlaying rectangle with the ``contributor-maintainer interface'' text},
    urldate = {2025-05-21}
}

@article{rigby2014-peer-review,
    author = {Rigby, Peter C. and German, Daniel M. and Cowen, Laura and Storey, Margaret-Anne},
    title = {Peer Review on Open-Source Software Projects: Parameters, Statistical Models, and Theory},
    year = {2014},
    issue_date = {August 2014},
    publisher = {Association for Computing Machinery},
    address = {New York, NY, USA},
    volume = {23},
    number = {4},
    month = sep,
    articleno = {35},
    numpages = {33},
    keywords = {Peer review, inspection, mining software repositories, open-source software}
}

@inproceedings{izquierdo2017-review,
    author = {Izquierdo-Cortazar, Daniel and Sekitoleko, Nelson and Gonzalez-Barahona, Jesus M. and Kurth, Lars},
    title = {Using Metrics to Track Code Review Performance},
    year = {2017},
    isbn = {9781450348041},
    publisher = {Association for Computing Machinery},
    address = {New York, NY, USA},

    booktitle = {Proceedings of the 21st International Conference on Evaluation and Assessment in Software Engineering},
    pages = {214–223},
    numpages = {10},
    keywords = {Software development analytics, Data mining, Code review},
    location = {Karlskrona, Sweden},
    series = {EASE '17}
}

@book{fogel2017-producing-oss,
  title={Producing open source software: How to run a successful free software project},
  author={Fogel, Karl},
  year={2017},
  publisher={"O'Reilly Media, Inc."}
}

@INPROCEEDINGS{lindberg2014-theorizing,
  author={Lindberg, A. and Xiao, Xuan and Lyytinen, Kalle},
  booktitle={2014 47th Hawaii International Conference on System Sciences}, 
  title={Theorizing Modes of Open Source Software Development}, 
  year={2014},
  volume={},
  number={},
  pages={4568-4577}
}

@article{shaikh2017-governing-oss,
    title = {Governing open source software through coordination processes},
    journal = {Information and Organization},
    volume = {27},
    number = {2},
    pages = {116-135},
    year = {2017}
}

@article{raymond1999-cathedral,
  title={The cathedral and the bazaar},
  author={Raymond, Eric},
  journal={Knowledge, Technology \& Policy},
  volume={12},
  number={3},
  pages={23--49},
  year={1999},
  publisher={Springer}
}

@article{palix2011-faults-linux,
author = {Palix, Nicolas and Saha, Suman and Thomas, Gaël and Calvès, Christophe and Lawall, Julia and Muller, Gilles},
year = {2011},
month = {03},
pages = {},
title = {Faults in Linux: Ten Years Later},
volume = {39},
journal = {ACM SIGARCH Computer Architecture News}
}

@book{glaser2017-grounded,
  title={Discovery of grounded theory: Strategies for qualitative research},
  author={Glaser, Barney and Strauss, Anselm},
  year={2017},
  publisher={Routledge}
}

@mastersthesis{leite2022-master,
title   = {A grounded theory of organizational structures for development and infrastructure professionals in software-producing organizations},
author = {Leite, Leonardo Alexandre Ferreira and Meirelles, Paulo Roberto Miranda and Kon, Fábio},
year = {2022},
school = {Universidade de São Paulo}
}

@book{edmonds2017-research-design,
author = {Edmonds, W. and Kennedy, Thomas},
year = {2017},
month = {01},
pages = {},
title = {An Applied Guide to Research Designs: Quantitative, Qualitative, and Mixed Methods},
isbn = {9781483317274},
}

@article{vahid2018-mlr,
author = {Garousi, Vahid and Felderer, Michael and Mäntylä, Mika},
year = {2018},
month = {09},
pages = {},
title = {Guidelines for including grey literature and conducting multivocal literature reviews in software engineering},
volume = {106},
journal = {Information and Software Technology},
}
