@misc{test-reference,
    author = {Foo Bar},
    title  = {{When Foo meets Bar}},
    year   = {1500}
}
